@article{magnuson-nusbaum2007,
  title={Acoustic differences, listener expectations, and the perceptual accommodation of talker variability.},
  author={Magnuson, James S and Nusbaum, Howard C},
  journal={Journal of Experimental Psychology: Human perception and performance},
  volume={33},
  number={2},
  pages={391},
  year={2007},
  publisher={American Psychological Association}
}

@article{chladkova2017,
  title={Perceptual adaptation of vowels generalizes across the phonology and does not require local context.},
  author={Chl{\'a}dkov{\'a}, Kate{\v{r}}ina and Podlipsk{\`y}, V{\'a}clav Jon{\'a}{\v{s}} and Chionidou, Anastasia},
  journal={Journal of Experimental Psychology: Human Perception and Performance},
  volume={43},
  number={2},
  pages={414},
  year={2017},
  publisher={American Psychological Association}
}

@article{colby2018,
  title={The role of lexical status and individual differences for perceptual learning in younger and older adults},
  author={Colby, Sarah and Clayards, Meghan and Baum, Shari},
  journal={Journal of Speech, Language, and Hearing Research},
  volume={61},
  number={8},
  pages={1855--1874},
  year={2018},
  publisher={ASHA}
}

@article{yarkoni-westfall2017,
  title={Choosing prediction over explanation in psychology: Lessons from machine learning},
  author={Yarkoni, Tal and Westfall, Jacob},
  journal={Perspectives on Psychological Science},
  volume={12},
  number={6},
  pages={1100--1122},
  year={2017},
  publisher={Sage Publications Sage CA: Los Angeles, CA}
}

@article{assmann-nearey2008,
  title={Relationship between fundamental and formant frequencies in voice preference},
  author={Assmann, Peter F and Nearey, Terrance M},
  journal={The Journal of the Acoustical Society of America},
  volume={122},
  number={2},
  pages={EL35--EL43},
  year={2008},
  publisher={AIP Publishing}
}

@incollection{nearey-assmann2007,
  title={Probabilistic "sliding template" models for indirect vowel normalization},
  author={Nearey, Terrance M and Assmann, Peter F},
  editor={Sol\'e, M. J. and Beddor, P. S. and Ohala, M.},
  journal={The Journal of the Acoustical Society of America},
  book={Experimental approaches to phonology},
  pages={246--269},
  year={2007},
  publisher={}
}


@article{nearey-assmann1986,
  title={Modeling the role of inherent spectral change in vowel identification},
  author={Nearey, Terrance M and Assmann, Peter F},
  journal={The Journal of the Acoustical Society of America},
  volume={80},
  number={5},
  pages={1297--1308},
  year={1986},
  publisher={Acoustical Society of America}
}

@article{massaro-friedman1990,
  title={Models of integration given multiple sources of information.},
  author={Massaro, Dominic W and Friedman, Daniel},
  journal={Psychological Review},
  volume={97},
  number={2},
  pages={225},
  year={1990},
  publisher={American Psychological Association}
}

@article{massaro1989,
  title={Testing between the TRACE model and the fuzzy logical model of speech perception},
  author={Massaro, Dominic W},
  journal={Cognitive psychology},
  volume={21},
  number={3},
  pages={398--421},
  year={1989},
  publisher={Elsevier}
}

@article{norris-cutler2021,
  title={More why, less how: What we need from models of cognition},
  author={Norris, Dennis and Cutler, Anne},
  journal={Cognition},
  volume={213},
  pages={104688},
  year={2021},
  publisher={Elsevier}
}

@incollection{baese-berk2018,
  title={Perceptual learning for native and non-native speech},
  author={Baese-Berk, Melissa},
  booktitle={Psychology of learning and motivation},
  volume={68},
  pages={1--29},
  year={2018},
  publisher={Elsevier}
}

@article{mcmurray2011,
  title={Features as an emergent product of computing perceptual cues relative to expectations},
  author={McMurray, Bob and Cole, Jennifer S and Munson, Cheyenne},
  journal={Where do features come from},
  pages={197--236},
  year={2011},
  publisher={John Benjamins}
}

@article{clayards2008,
  title={Perception of speech reflects optimal use of probabilistic speech cues},
  author={Clayards, Meghan and Tanenhaus, Michael K and Aslin, Richard N and Jacobs, Robert A},
  journal={Cognition},
  volume={108},
  number={3},
  pages={804--809},
  year={2008},
  publisher={Elsevier}
}

@article{eisner-mcqueen2005,
  title={The specificity of perceptual learning in speech processing},
  author={Eisner, Frank and McQueen, James M},
  journal={Perception \& psychophysics},
  volume={67},
  number={2},
  pages={224--238},
  year={2005},
  publisher={Springer}
}

@article{kleinschmidt-jaeger2015,
  title={Robust speech perception: recognize the familiar, generalize to the similar, and adapt to the novel.},
  author={Kleinschmidt, Dave F. and Jaeger, T Florian},
  journal={Psychological review},
  volume={122},
  number={2},
  pages={148},
  year={2015},
  publisher={American Psychological Association}
}

@inproceedings{kleinschmidt-jaeger2011,
  title={A Bayesian belief updating model of phonetic recalibration and selective adaptation},
  author={Kleinschmidt, Dave F. and Jaeger, T Florian},
  booktitle={Proceedings of the 2nd workshop on cognitive modeling and computational linguistics},
  pages={10--19},
  year={2011}
}

@inproceedings{kleinschmidt-jaeger2016,
  title={What do you expect from an unfamiliar talker?},
  author={Kleinschmidt, Dave F. and Jaeger, T Florian},
  booktitle={CogSci},
  year={2016}
}

@article{kleinschmidt2020,
  title={What constrains distributional learning in adults?},
  author={Kleinschmidt, Dave F.},
  year={2020},
  publisher={PsyArXiv}
}

@article{kronrod2016,
  title={A unified account of categorical effects in phonetic perception},
  author={Kronrod, Yakov and Coppess, Emily and Feldman, Naomi H},
  journal={Psychonomic Bulletin \& Review},
  volume={23},
  number={6},
  pages={1681--1712},
  year={2016},
  publisher={Springer}
}

@article{kraljic-samuel2005,
  title={Perceptual learning for speech: Is there a return to normal?},
  author={Kraljic, Tanya and Samuel, Arthur G},
  journal={Cognitive psychology},
  volume={51},
  number={2},
  pages={141--178},
  year={2005},
  publisher={Elsevier}
}

@article{kraljic-samuel2006,
  title={Generalization in perceptual learning for speech},
  author={Kraljic, Tanya and Samuel, Arthur G},
  journal={Psychonomic bulletin \& review},
  volume={13},
  number={2},
  pages={262--268},
  year={2006},
  publisher={Springer}
}

@article{kraljic-samuel2007,
  title={Perceptual adjustments to multiple speakers},
  author={Kraljic, Tanya and Samuel, Arthur G},
  journal={Journal of Memory and Language},
  volume={56},
  number={1},
  pages={1--15},
  year={2007},
  publisher={Elsevier}
}

@article{smith1978,
  title={Effects of Place of Articulation and Vowel Environment on" Voiced" Stop Consonant Production.},
  author={Smith, Bruce L},
  journal={Glossa},
  volume={12},
  number={2},
  pages={163--75},
  year={1978},
  publisher={ERIC}
}

@article{theodore-monto2019,
  title={Distributional learning for speech reflects cumulative exposure to a talkerâ€™s phonetic distributions},
  author={Theodore, Rachel M and Monto, Nicholas R},
  journal={Psychonomic Bulletin \& Review},
  volume={26},
  pages={985--992},
  year={2019},
  publisher={Springer}
}

@article{cummings-theodore2023,
  title={Hearing is believing: Lexically guided perceptual learning is graded to reflect the quantity of evidence in speech input},
  author={Cummings, Shawn N and Theodore, Rachel M},
  journal={Cognition},
  volume={235},
  pages={105404},
  year={2023},
  publisher={Elsevier}
}

@article{xie2023,
  title={What we do (not) know about the mechanisms underlying adaptive speech perception: A computational framework and review},
  author={Xie, Xin and Jaeger, T Florian and Kurumada, Chigusa},
  journal={Cortex},
  year={2023},
  publisher={Elsevier}
}

@article{nixon2016,
  title={The temporal dynamics of perceptual uncertainty: eye movement evidence from Cantonese segment and tone perception},
  author={Nixon, Jessie S and van Rij, Jacolien and Mok, Peggy and Baayen, R Harald and Chen, Yiya},
  journal={Journal of Memory and Language},
  volume={90},
  pages={103--125},
  year={2016},
  publisher={Elsevier}
}

@article{idemaru-holt2011,
  title={Word recognition reflects dimension-based statistical learning.},
  author={Idemaru, Kaori and Holt, Lori L},
  journal={Journal of Experimental Psychology: Human Perception and Performance},
  volume={37},
  number={6},
  pages={1939},
  year={2011},
  publisher={American Psychological Association}
}

@article{xie2018,
  title={Rapid adaptation to foreign-accented speech and its transfer to an unfamiliar talker},
  author={Xie, Xin and Weatherholtz, Kodi and Bainton, Larisa and Rowe, Emily and Burchill, Zachary and Liu, Linda and Jaeger, T Florian},
  journal={The Journal of the Acoustical Society of America},
  volume={143},
  number={4},
  pages={2013--2031},
  year={2018},
  publisher={Acoustical Society of America}
}

@article{apfelbaum-mcmurray2015,
  title={Relative cue encoding in the context of sophisticated models of categorization: Separating information from categorization},
  author={Apfelbaum, Keith S and McMurray, Bob},
  journal={Psychonomic bulletin \& review},
  volume={22},
  pages={916--943},
  year={2015},
  publisher={Springer}
}

@article{allen-miller1999,
  title={Effects of syllable-initial voicing and speaking rate on the temporal characteristics of monosyllabic words},
  author={Allen, J Sean and Miller, Joanne L},
  journal={The Journal of the Acoustical Society of America},
  volume={106},
  number={4},
  pages={2031--2039},
  year={1999},
  publisher={Acoustical Society of America}
}

@article{eisner2013,
  title={Constraints on the transfer of perceptual learning in accented speech},
  author={Eisner, Frank and Melinger, Alissa and Weber, Andrea},
  journal={Frontiers in Psychology},
  volume={4},
  pages={148},
  year={2013},
  publisher={Frontiers Media SA}
}

@article{sohoglu-davis2016,
  title={Perceptual learning of degraded speech by minimizing prediction error},
  author={Sohoglu, Ediz and Davis, Matthew H},
  journal={Proceedings of the National Academy of Sciences},
  volume={113},
  number={12},
  pages={E1747--E1756},
  year={2016},
  publisher={National Acad Sciences}
}

@article{xie2018sleep,
  title={Sleep facilitates generalisation of accent adaptation to a new talker},
  author={Xie, Xin and Earle, F Sayako and Myers, Emily B},
  journal={Language, cognition and neuroscience},
  volume={33},
  number={2},
  pages={196--210},
  year={2018},
  publisher={Taylor \& Francis}
}

@article{mcmurray-jongman2011,
  title={What information is necessary for speech categorization? Harnessing variability in the speech signal by integrating cues computed relative to expectations.},
  author={McMurray, Bob and Jongman, Allard},
  journal={Psychological review},
  volume={118},
  number={2},
  pages={219},
  year={2011},
  publisher={American Psychological Association}
}

@article{chodroff-wilson2018,
  title={Predictability of stop consonant phonetics across talkers: Between-category and within-category dependencies among cues for place and voice},
  author={Chodroff, Eleanor and Wilson, Colin},
  journal={Linguistics Vanguard},
  volume={4},
  number={s2},
  year={2018},
  publisher={De Gruyter Mouton}
}

@article{chodroff-wilson2020,
  title={Acoustic--phonetic and auditory mechanisms of adaptation in the perception of sibilant fricatives},
  author={Chodroff, Eleanor and Wilson, Colin},
  journal={Attention, Perception, \& Psychophysics},
  volume={82},
  pages={2027--2048},
  year={2020},
  publisher={Springer}
}

@article{lewandowski2009,
  title={Generating random correlation matrices based on vines and extended onion method},
  author={Lewandowski, Daniel and Kurowicka, Dorota and Joe, Harry},
  journal={Journal of multivariate analysis},
  volume={100},
  number={9},
  pages={1989--2001},
  year={2009},
  publisher={Elsevier}
}

@inproceedings{kleinschmidt-jaeger2012,
  title={A continuum of phonetic adaptation: Evaluating an incremental belief-updating model of recalibration and selective adaptation},
  author={Kleinschmidt, Dave F. and Jaeger, T Florian},
  booktitle={Proceedings of the Annual Meeting of the Cognitive Science Society},
  volume={34},
  number={34},
  year={2012}
}

@article{prins2011,
  title={The Psychometric Function: Why we should not, and need not, estimate the lapse rate},
  author={Prins, Nicolaas},
  journal={Journal of Vision},
  volume={11},
  number={11},
  pages={1175--1175},
  year={2011},
  publisher={The Association for Research in Vision and Ophthalmology}
}

@article{baayen2008,
  title={Mixed-effects modeling with crossed random effects for subjects and items},
  author={Baayen, R Harald and Davidson, Douglas J and Bates, Douglas M},
  journal={Journal of memory and language},
  volume={59},
  number={4},
  pages={390--412},
  year={2008},
  publisher={Elsevier}
}

@article{bejjanki2011,
  title={Cue integration in categorical tasks: Insights from audio-visual speech perception},
  author={Bejjanki, Vikranth Rao and Clayards, Meghan and Knill, David C and Aslin, Richard N},
  journal={PloS one},
  volume={6},
  number={5},
  pages={e19812},
  year={2011},
  publisher={Public Library of Science San Francisco, USA}
}

@article{tamminen2012,
  title={The role of memory consolidation in generalisation of new linguistic information},
  author={Tamminen, Jakke and Davis, Matthew H and Merkx, Marjolein and Rastle, Kathleen},
  journal={Cognition},
  volume={125},
  number={1},
  pages={107--112},
  year={2012},
  publisher={Elsevier}
}

@article{fenn2013,
  title={What drives sleep-dependent memory consolidation: Greater gain or less loss?},
  author={Fenn, Kimberly M and Hambrick, David Z},
  journal={Psychonomic bulletin \& review},
  volume={20},
  pages={501--506},
  year={2013},
  publisher={Springer}
}

@article{feldman2009,
  title={The influence of categories on perception: explaining the perceptual magnet effect as optimal statistical inference.},
  author={Feldman, Naomi H and Griffiths, Thomas L and Morgan, James L},
  journal={Psychological review},
  volume={116},
  number={4},
  pages={752},
  year={2009},
  publisher={American Psychological Association}
}

@article{bradlow-bent2008,
  title={Perceptual adaptation to non-native speech},
  author={Bradlow, Ann R and Bent, Tessa},
  journal={Cognition},
  volume={106},
  number={2},
  pages={707--729},
  year={2008},
  publisher={Elsevier}
}

@article{bradlow2023,
  title={Generalized perceptual adaptation to second-language speech: Variability, similarity, and intelligibility},
  author={Bradlow, Ann R and Bassard, Adrianna M and Paller, Ken A},
  journal={The Journal of the Acoustical Society of America},
  volume={154},
  number={3},
  pages={1601--1613},
  year={2023},
  publisher={AIP Publishing}
}

@article{bent-baeseberk2021,
  title={Perceptual learning of accented speech},
  author={Bent, Tessa and Baese-Berk, Melissa},
  journal={The Handbook of Speech Perception},
  pages={428--464},
  year={2021},
  publisher={Wiley Online Library}
}

@article{clarke-garrett2004,
  title={Rapid adaptation to foreign-accented English},
  author={Clarke, Constance M and Garrett, Merrill F},
  journal={The Journal of the Acoustical Society of America},
  volume={116},
  number={6},
  pages={3647--3658},
  year={2004},
  publisher={Acoustical Society of America}
}

@article{schertz-clare2020,
  title={Phonetic cue weighting in perception and production},
  author={Schertz, Jessamyn and Clare, Emily J},
  journal={Wiley Interdisciplinary Reviews: Cognitive Science},
  volume={11},
  number={2},
  pages={e1521},
  year={2020},
  publisher={Wiley Online Library}
}

@article{jaeger2008,
  title={Categorical data analysis: Away from ANOVAs (transformation or not) and towards logit mixed models},
  author={Jaeger, T Florian},
  journal={Journal of memory and language},
  volume={59},
  number={4},
  pages={434--446},
  year={2008},
  publisher={Elsevier}
}

@article{maye2002,
  title={Infant sensitivity to distributional information can affect phonetic discrimination},
  author={Maye, Jessica and Werker, Janet F and Gerken, LouAnn},
  journal={Cognition},
  volume={82},
  number={3},
  pages={B101--B111},
  year={2002},
  publisher={Elsevier}
}

@inproceedings{pajak-levy2012,
  title={Distributional learning of L2 phonological categories by listeners with different language backgrounds},
  author={Pajak, B and Levy, Roger},
  booktitle={Proceedings of the 36th Boston University conference on language development},
  volume={2},
  pages={400--413},
  year={2012},
  organization={Cascadilla Press Somerville, MA}
}

@article{pierrehumbert2001,
  title={Stochastic phonology},
  author={Pierrehumbert, Janet},
  journal={Glot international},
  volume={5},
  number={6},
  pages={195--207},
  year={2001}
}

@inproceedings{kleinschmidt2015,
  title={Supervised and unsupervised learning in phonetic adaptation.},
  author={Kleinschmidt, Dave F. and Raizada, Rajeev DS and Jaeger, T Florian},
  booktitle={CogSci},
  year={2015}
}


@article{liu-jaeger2018,
  title={Inferring causes during speech perception},
  author={Liu, Linda and Jaeger, T Florian},
  journal={Cognition},
  volume={174},
  pages={55--70},
  year={2018},
  publisher={Elsevier}
}

@article{liu-jaeger2019,
  title={Talker-specific pronunciation or speech error? Discounting (or not) atypical pronunciations during speech perception.},
  author={Liu, Linda and Jaeger, T Florian},
  journal={Journal of Experimental Psychology: Human Perception and Performance},
  volume={45},
  number={12},
  pages={1562},
  year={2019},
  publisher={American Psychological Association}
}

@article{jaeger2019,
  title={Strong evidence for expectation adaptation during language understanding, not a replication failure. A reply to Harrington Stack, James, and Watson (2018)},
  author={Jaeger, T Florian and Bushong, WR and Burchill, Z},
  journal={Manuscript, University of Rochester},
  year={2019}
}

@article{wichmann-hill2001,
  title={The psychometric function: I. Fitting, sampling, and goodness of fit},
  author={Wichmann, Felix A and Hill, N Jeremy},
  journal={Perception \& psychophysics},
  volume={63},
  number={8},
  pages={1293--1313},
  year={2001},
  publisher={Springer}
}

@article{winn2020,
  title={Manipulation of voice onset time in speech stimuli: A tutorial and flexible Praat script},
  author={Winn, Matthew B},
  journal={The Journal of the Acoustical Society of America},
  volume={147},
  number={2},
  pages={852--866},
  year={2020},
  publisher={Acoustical Society of America}
}

@article{woods2017,
  title={Headphone screening to facilitate web-based auditory experiments},
  author={Woods, Kevin JP and Siegel, Max H and Traer, James and McDermott, Josh H},
  journal={Attention, Perception, \& Psychophysics},
  volume={79},
  pages={2064--2072},
  year={2017},
  publisher={Springer}
}

@article{idemaru-holt2020,
  title={Generalization of dimension-based statistical learning},
  author={Idemaru, Kaori and Holt, Lori L},
  journal={Attention, Perception, \& Psychophysics},
  volume={82},
  pages={1744--1762},
  year={2020},
  publisher={Springer}
}

@article{sumner2011,
  title={The role of variation in the perception of accented speech},
  author={Sumner, Meghan},
  journal={Cognition},
  volume={119},
  number={1},
  pages={131--136},
  year={2011},
  publisher={Elsevier}
}

@article{tan2021,
  title={Using rational models to interpret the results of experiments on accent adaptation},
  author={Tan, Maryann and Xie, Xin and Jaeger, T Florian},
  journal={Frontiers in Psychology},
  pages={4523},
  year={2021},
  publisher={Frontiers}
}

@incollection{johnson1997,
   author = {K Johnson},
   city = {San Diego},
   editor = {K Johnson and J W Mullennix},
   booktitle = {Talker Variability in Speech Processing},
   pages = {145-146},
   publisher = {San Diego: Academic Press},
   title = {Speech perception without speaker normalization},
   year = {1997},
}

@Manual{RStudio,
	title = {RStudio: Integrated Development Environment for R},
	author = {{RStudio Team}},
	organization = {RStudio, PBC.},
	address = {Boston, MA},
	year = {2020},
	url = {http://www.rstudio.com/},
}

@Manual{R,
    title = {R: A Language and Environment for Statistical Computing},
    author = {{R Core Team}},
    organization = {R Foundation for Statistical Computing},
    address = {Vienna, Austria},
    year = {2022},
    url = {https://www.R-project.org/},
  }

@Manual{Proliferate,
   title = {Praat: doing phonetics by computer [Computer program]},
   author = {{Schuster, S}},
   organization = {Interactive Language Processing Lab Stanford},
   address = {Stanford, CA},
   year = {2020},
   url = {https://docs.proliferate.alps.science/en/latest/contents.html},
}

@misc{boersma2022,
  title={Praat: doing phonetics by computer. Version 6.2. 12},
  author={Boersma, P and Weenink, D},
  year={2022}
}

@article{peirce2007,
  title={PsychoPyâ€”psychophysics software in Python},
  author={Peirce, Jonathan W},
  journal={Journal of neuroscience methods},
  volume={162},
  number={1-2},
  pages={8--13},
  year={2007},
  publisher={Elsevier}
}

@article{horberg-jaeger2021,
  title={A rational model of incremental argument interpretation: The comprehension of Swedish transitive clauses},
  author={H{\"o}rberg, Thomas and Jaeger, T Florian},
  journal={Frontiers in Psychology},
  volume={12},
  pages={674202},
  year={2021},
  publisher={Frontiers Media SA}
}

@article{gelman2008,
  title={Scaling regression inputs by dividing by two standard deviations},
  author={Gelman, Andrew},
  journal={Statistics in medicine},
  volume={27},
  number={15},
  pages={2865--2873},
  year={2008},
  publisher={Wiley Online Library}
}

@article{gelman2017,
  title={The prior can often only be understood in the context of the likelihood},
  author={Gelman, Andrew and Simpson, Daniel and Betancourt, Michael},
  journal={Entropy},
  volume={19},
  number={10},
  pages={555},
  year={2017},
  publisher={MDPI}
}

@article{lancia-winter2013,
  title={The interaction between competition, learning, and habituation dynamics in speech perception},
  author={Lancia, Leonardo and Winter, Bodo},
  journal={Laboratory Phonology},
  volume={4},
  number={1},
  pages={221--257},
  year={2013},
  publisher={De Gruyter}
}

@article{gelman-prior2008,
  title={A weakly informative default prior distribution for logistic and other regression models},
  author={Gelman, Andrew and Jakulin, Aleks and Pittau, Maria Grazia and Su, Yu-Sung},
  year={2008}
}

@article{lisker-abramson1964,
  title={A cross-language study of voicing in initial stops: Acoustical measurements},
  author={Lisker, Leigh and Abramson, Arthur S},
  journal={Word},
  volume={20},
  number={3},
  pages={384--422},
  year={1964},
  publisher={Taylor \& Francis}
}

@article{lisker-abramson1967,
  title={Some effects of context on voice onset time in English stops},
  author={Lisker, Leigh and Abramson, Arthur S},
  journal={Language and speech},
  volume={10},
  number={1},
  pages={1--28},
  year={1967},
  publisher={Sage Publications Sage CA: Thousand Oaks, CA}
}

@book{docherty1992,
  title={The timing of voicing in British English obstruents},
  author={Docherty, Gerard J},
  number={9},
  year={1992},
  publisher={Walter de Gruyter}
}

@article{smith1978,
 title={Effects of place of articulation and vowel environment on 'voiced' stop
 consonant production.},
 author={Smith, B L},
 journal={Glossa},
 volume={12},
 year={1978},
 pages={163--175}
}

@article{schertz2016,
  title={Individual differences in perceptual adaptability of foreign sound categories},
  author={Schertz, Jessamyn and Cho, Taehong and Lotto, Andrew and Warner, Natasha},
  journal={Attention, Perception, \& Psychophysics},
  volume={78},
  pages={355--367},
  year={2016},
  publisher={Springer}
}

@techreport{zue1976,
  title={Acoustic characteristics of stop consonants: A controlled study},
  author={Zue, Victor W},
  year={1976},
  institution={MASSACHUSETTS INST OF TECH LEXINGTON LINCOLN LAB}
}

@article{flege1982,
  title={The voicing contrast between English/p/and/b/as a function of stress and position-in-utterance},
  author={Flege, James Emil and Brown Jr, William Samuel},
  journal={Journal of Phonetics},
  volume={10},
  number={4},
  pages={335--345},
  year={1982},
  publisher={Elsevier}
}

@article{chodroff-wilson2017,
  title={Structure in talker-specific phonetic realization: Covariation of stop consonant VOT in American English},
  author={Chodroff, Eleanor and Wilson, Colin},
  journal={Journal of Phonetics},
  volume={61},
  pages={30--47},
  year={2017},
  publisher={Elsevier}
}

@article{klatt1975,
  title={Voice onset time, frication, and aspiration in word-initial consonant clusters},
  author={Klatt, Dennis H},
  journal={Journal of speech and hearing research},
  volume={18},
  number={4},
  pages={686--706},
  year={1975},
  publisher={ASHA}
}

@inproceedings{westbury1979,
  title={Aspects of the temporal control of voicing in consonant clusters in English},
  author={Westbury, John Rush},
  booktitle={Texas Linguistic Forum Austin, Tex},
  number={14},
  pages={1--304},
  year={1979}
}

@phdthesis{munson2011,
    title    = {Perceptual learning in speech reveals pathways of processing},
    school   = {The University of Iowa},
    author   = {Munson, C M},
    year     = {2011},
    type     = {{PhD} dissertation},
}

@article{dmitrieva2015,
  title={Phonological status, not voice onset time, determines the acoustic realization of onset f0 as a secondary voicing cue in Spanish and English},
  author={Dmitrieva, Olga and Llanos, Fernando and Shultz, Amanda A and Francis, Alexander L},
  journal={Journal of Phonetics},
  volume={49},
  pages={77--95},
  year={2015},
  publisher={Elsevier}
}

@article{harmon2019,
  title={Learning mechanisms in cue reweighting},
  author={Harmon, Zara and Idemaru, Kaori and Kapatsinski, Vsevolod},
  journal={Cognition},
  volume={189},
  pages={76--88},
  year={2019},
  publisher={Elsevier}
}

@inproceedings{hitczenko-feldman2016,
  title={Modeling adaptation to a novel accent},
  author={Hitczenko, Kasia and Feldman, Naomi H},
  booktitle={Proceedings of the Annual Conference of the Cognitive Science Society},
  year={2016}
}

@article{vroomen2007,
  title={Visual recalibration and selective adaptation in auditory--visual speech perception: Contrasting build-up courses},
  author={Vroomen, Jean and van Linden, Sabine and De Gelder, B{\'e}atrice and Bertelson, Paul},
  journal={Neuropsychologia},
  volume={45},
  number={3},
  pages={572--577},
  year={2007},
  publisher={Elsevier}
}

@article{zheng-samuel2020,
  title={The relationship between phonemic category boundary changes and perceptual adjustments to natural accents.},
  author={Zheng, Yi and Samuel, Arthur G},
  journal={Journal of Experimental Psychology: Learning, Memory, and Cognition},
  volume={46},
  number={7},
  pages={1270},
  year={2020},
  publisher={American Psychological Association}
}


@article{persson-jaeger2023,
  title={Evaluating normalization accounts against the dense vowel space of Central Swedish},
  author={Persson, Anna and Jaeger, T Florian},
  journal={Frontiers in Psychology},
  volume={14},
  pages={1165742},
  year={2023},
  publisher={Frontiers}
}

@incollection{weatherholtz-jaeger2016,
  title={Speech perception and generalization across talkers and accents},
  author={Weatherholtz, Kodi and Jaeger, T Florian},
  booktitle={Oxford Research Encyclopedia of Linguistics},
  year={2016}
}

@article{schertz-clare2020,
  title={Phonetic cue weighting in perception and production},
  author={Schertz, Jessamyn and Clare, Emily J},
  journal={Wiley Interdisciplinary Reviews: Cognitive Science},
  volume={11},
  number={2},
  pages={e1521},
  year={2020},
  publisher={Wiley Online Library}
}

@article{sidaras2009,
  title={Perceptual learning of systematic variation in Spanish-accented speech},
  author={Sidaras, Sabrina K and Alexander, Jessica ED and Nygaard, Lynne C},
  journal={The Journal of the Acoustical Society of America},
  volume={125},
  number={5},
  pages={3306--3316},
  year={2009},
  publisher={AIP Publishing}
}

@article{delattre1955,
  title={Acoustic loci and transitional cues for consonants},
  author={Delattre, Pierre C and Liberman, Alvin M and Cooper, Franklin S},
  journal={The journal of the acoustical society of America},
  volume={27},
  number={4},
  pages={769--773},
  year={1955},
  publisher={Acoustical Society of America}
}



@article{reinisch-holt2014,
  title={Lexically guided phonetic retuning of foreign-accented speech and its generalization.},
  author={Reinisch, Eva and Holt, Lori L},
  journal={Journal of Experimental Psychology: Human Perception and Performance},
  volume={40},
  number={2},
  pages={539},
  year={2014},
  publisher={American Psychological Association}
}

@article{norris-mcqueen2008,
  title={Shortlist B: a Bayesian model of continuous speech recognition.},
  author={Norris, Dennis and McQueen, James M},
  journal={Psychological review},
  volume={115},
  number={2},
  pages={357},
  year={2008},
  publisher={American Psychological Association}
}

@article{norris2003,
  title={Perceptual learning in speech},
  author={Norris, Dennis and McQueen, James M and Cutler, Anne},
  journal={Cognitive psychology},
  volume={47},
  number={2},
  pages={204--238},
  year={2003},
  publisher={Elsevier}
}

@article{mcqueen2006,
  title={Phonological abstraction in the mental lexicon},
  author={McQueen, James M and Cutler, Anne and Norris, Dennis},
  journal={Cognitive science},
  volume={30},
  number={6},
  pages={1113--1126},
  year={2006},
  publisher={Wiley Online Library}
}

@article{bertelson2003,
  title={Visual recalibration of auditory speech identification: A McGurk aftereffect},
  author={Bertelson, Paul and Vroomen, Jean and De Gelder, B{\'e}atrice},
  journal={Psychological science},
  volume={14},
  number={6},
  pages={592--597},
  year={2003},
  publisher={SAGE Publications Sage CA: Los Angeles, CA}
}

@article{vroomen2007,
  title={Visual recalibration and selective adaptation in auditory--visual speech perception: Contrasting build-up courses},
  author={Vroomen, Jean and van Linden, Sabine and De Gelder, B{\'e}atrice and Bertelson, Paul},
  journal={Neuropsychologia},
  volume={45},
  number={3},
  pages={572--577},
  year={2007},
  publisher={Elsevier}
}

@article{tzeng2021,
  title={A second chance for a first impression: Sensitivity to cumulative input statistics for lexically guided perceptual learning},
  author={Tzeng, Christina Y and Nygaard, Lynne C and Theodore, Rachel M},
  journal={Psychonomic Bulletin \& Review},
  volume={28},
  pages={1003--1014},
  year={2021},
  publisher={Springer}
}

@article{nixon2016,
  title={The temporal dynamics of perceptual uncertainty: eye movement evidence from Cantonese segment and tone perception},
  author={Nixon, Jessie S and van Rij, Jacolien and Mok, Peggy and Baayen, R Harald and Chen, Yiya},
  journal={Journal of Memory and Language},
  volume={90},
  pages={103--125},
  year={2016},
  publisher={Elsevier}
}

@article{xie2018,
  title={Rapid adaptation to foreign-accented speech and its transfer to an unfamiliar talker},
  author={Xie, Xin and Weatherholtz, Kodi and Bainton, Larisa and Rowe, Emily and Burchill, Zachary and Liu, Linda and Jaeger, T Florian},
  journal={The Journal of the Acoustical Society of America},
  volume={143},
  number={4},
  pages={2013--2031},
  year={2018},
  publisher={AIP Publishing}
}

@article{xie2017,
  title={More than a boundary shift: Perceptual adaptation to foreign-accented speech reshapes the internal structure of phonetic categories.},
  author={Xie, Xin and Theodore, Rachel M and Myers, Emily B},
  journal={Journal of Experimental Psychology: Human Perception and Performance},
  volume={43},
  number={1},
  pages={206},
  year={2017},
  publisher={American Psychological Association}
}

@article{xie2021cognition,
  title={Encoding and decoding of meaning through structured variability in intonational speech prosody},
  author={Xie, Xin and Bux{\'o}-Lugo, Andr{\'e}s and Kurumada, Chigusa},
  journal={Cognition},
  volume={211},
  pages={104619},
  year={2021},
  publisher={Elsevier}
}

@article{xie2021jep,
  title={Cross-talker generalization in the perception of nonnative speech: A large-scale replication.},
  author={Xie, Xin and Liu, Linda and Jaeger, T Florian},
  journal={Journal of Experimental Psychology: General},
  volume={150},
  number={11},
  pages={e22},
  year={2021},
  publisher={American Psychological Association}
}

@article{drouin2016,
  title={Lexically guided perceptual tuning of internal phonetic category structure},
  author={Drouin, Julia R and Theodore, Rachel M and Myers, Emily B},
  journal={The Journal of the Acoustical Society of America},
  volume={140},
  number={4},
  pages={EL307--EL313},
  year={2016},
  publisher={AIP Publishing}
}

@article{luthra2021,
  title={Perceptual learning of multiple talkers requires additional exposure},
  author={Luthra, Sahil and Mechtenberg, Hannah and Myers, Emily B},
  journal={Attention, Perception, \& Psychophysics},
  volume={83},
  pages={2217--2228},
  year={2021},
  publisher={Springer}
}

@article{magnuson2020,
  title={EARSHOT: A minimal neural network model of incremental human speech recognition},
  author={Magnuson, James S and You, Heejo and Luthra, Sahil and Li, Monica and Nam, Hosung and Escabi, Monty and Brown, Kevin and Allopenna, Paul D and Theodore, Rachel M and Monto, Nicholas and others},
  journal={Cognitive science},
  volume={44},
  number={4},
  pages={e12823},
  year={2020},
  publisher={Wiley Online Library}
}

@phdthesis{kurumada2013,
  title={Navigating variability in the linguistic signal: Learning to interpret contrastive prosody},
  author={Kurumada, Chigusa},
  year={2013},
  note={Available at \url{https://purl.stanford.edu/fx537cj4595}},
  school={Stanford University},
  type={PhD thesis}
}

@article{burchill2018,
  title={Maintaining information about speech input during accent adaptation},
  author={Burchill, Zachary and Liu, Linda and Jaeger, T Florian},
  journal={PloS one},
  volume={13},
  number={8},
  pages={e0199358},
  year={2018},
  publisher={Public Library of Science San Francisco, CA USA}
}

@article{davis-sohoglu2020,
  title={Three functions of prediction error for Bayesian inference in speech perception},
  author={Davis, Matthew H and Sohoglu, Ediz},
  journal={The cognitive neurosciences},
  pages={177--189},
  year={2020},
  publisher={MIT Press Camb, MA, USA}
}

@article{zheng-samuel2023,
  title={Flexibility and stability of speech sounds: The time course of lexically-driven recalibration},
  author={Zheng, Yi and Samuel, Arthur G},
  journal={Journal of Phonetics},
  volume={97},
  pages={101222},
  year={2023},
  publisher={Elsevier}
}

@phdthesis{burchill2023,
  title={The Reliability of Standard Reading Time Analyses and Understanding the Nature of Maintained Information in Speech Processing},
  author={Burchill, Zachary},
  year={2023},
  school={University of Rochester}
}

@article{theodore2009,
  title={Individual talker differences in voice-onset-time: Contextual influences},
  author={Theodore, Rachel M and Miller, Joanne L and DeSteno, David},
  journal={The Journal of the Acoustical Society of America},
  volume={125},
  number={6},
  pages={3974--3982},
  year={2009},
  publisher={AIP Publishing}
}

@article{sonderegger2020,
  title={Structured heterogeneity in Scottish stops over the twentieth century},
  author={Sonderegger, Morgan and Stuart-Smith, Jane and Knowles, Thea and Macdonald, Rachel and Rathcke, Tamara},
  journal={Language},
  volume={96},
  number={1},
  pages={94--125},
  year={2020},
  publisher={Linguistic Society of America}
}

@article{olejarczuk2018,
  title={Distributional learning is error-driven: The role of surprise in the acquisition of phonetic categories},
  author={Olejarczuk, Paul and Kapatsinski, Vsevolod and Baayen, R Harald},
  journal={Linguistics Vanguard},
  volume={4},
  number={s2},
  pages={20170020},
  year={2018},
  publisher={De Gruyter}
}

@article{vanalphen-mcqueen2006,
  title={The effect of voice onset time differences on lexical access in dutch.},
  author={Van Alphen, Petra M and McQueen, James M},
  journal={Journal of experimental psychology: Human perception and performance},
  volume={32},
  number={1},
  pages={178},
  year={2006},
  publisher={American Psychological Association}
}

@article{vanalphen-smits2004,
  title={Acoustical and perceptual analysis of the voicing distinction in Dutch initial plosives: The role of prevoicing},
  author={Van Alphen, Petra M and Smits, Roel},
  journal={Journal of phonetics},
  volume={32},
  number={4},
  pages={455--491},
  year={2004},
  publisher={Elsevier}
}

@article{clare-schertz2022,
  title={The Influence of Heritage Language Experience on Perception and Imitation of Prevoicing},
  author={Clare, Emily J and Schertz, Jessamyn},
  journal={Languages},
  volume={7},
  number={4},
  pages={302},
  year={2022},
  publisher={MDPI}
}



@software{JSEXP2021,
author = {Kleinschmidt, Dave F. and Burchill, Zach and Bushong, Wednesday and Karboga, Gevher and Jaeger, Florian and Liu, Linda and Persson, Anna and Tan, Maryann and Xie, Xin},
month = sep,
title = {{JSEXP}},
url = {https://github.com/hlplab/JSEXP},
version = {2.0.4},
year = {2021}
}

@article{albert-smilek2023,
  title={Comparing attentional disengagement between Prolific and MTurk samples},
  author={Albert, Derek A and Smilek, Daniel},
  journal={Scientific Reports},
  volume={13},
  number={1},
  pages={20574},
  year={2023},
  publisher={Nature Publishing Group UK London}
}

@article{adams2020,
  title={A replication of beyond the turk: Alternative platforms for crowdsourcing behavioral research--sometimes preferable to student groups},
  author={Adams, Troy L and Li, Yuanxia and Liu, Hao},
  journal={AIS Transactions on Replication Research},
  volume={6},
  number={1},
  pages={15},
  year={2020}
}

@article{peer2017,
  title={Beyond the Turk: Alternative platforms for crowdsourcing behavioral research},
  author={Peer, Eyal and Brandimarte, Laura and Samat, Sonam and Acquisti, Alessandro},
  journal={Journal of experimental social psychology},
  volume={70},
  pages={153--163},
  year={2017},
  publisher={Elsevier}
}

@incollection{norris2017,
  title={How do computational models help us develop better theories?},
  author={Norris, Dennis},
  booktitle={Twenty-First Century Psycholinguistics},
  pages={331--346},
  year={2017},
  publisher={Routledge}
}

@article{guest-martin2021,
  title={How computational modeling can force theory building in psychological science},
  author={Guest, Olivia and Martin, Andrea E},
  journal={Perspectives on Psychological Science},
  volume={16},
  number={4},
  pages={789--802},
  year={2021},
  publisher={Sage Publications Sage CA: Los Angeles, CA}
}

@article{wagenmakers2010,
  title={Bayesian hypothesis testing for psychologists: A tutorial on the Savage--Dickey method},
  author={Wagenmakers, Eric-Jan and Lodewyckx, Tom and Kuriyal, Himanshu and Grasman, Raoul},
  journal={Cognitive psychology},
  volume={60},
  number={3},
  pages={158--189},
  year={2010},
  publisher={Elsevier}
}

@article{scharenborg-janse2013,
  title={Comparing lexically guided perceptual learning in younger and older listeners},
  author={Scharenborg, Odette and Janse, Esther},
  journal={Attention, Perception, \& Psychophysics},
  volume={75},
  pages={525--536},
  year={2013},
  publisher={Springer}
}


@article{chodroff-wilson2014,
  title={Burst spectrum as a cue for the stop voicing contrast in American English},
  author={Chodroff, Eleanor and Wilson, Colin},
  journal={The Journal of the Acoustical Society of America},
  volume={136},
  number={5},
  pages={2762--2772},
  year={2014},
  publisher={AIP Publishing}
}

@article{babel2019,
  title={The Goldilocks zone of perceptual learning},
  author={Babel, Molly and McAuliffe, Michael and Norton, Carolyn and Senior, Brianne and Vaughn, Charlotte},
  journal={Phonetica},
  volume={76},
  number={2-3},
  pages={179--200},
  year={2019},
  publisher={S. Karger AG}
}

@article{pisoni1982,
  title={Some effects of laboratory training on identification and discrimination of voicing contrasts in stop consonants.},
  author={Pisoni, David B and Aslin, Richard N and Perey, Alan J and Hennessy, Beth L},
  journal={Journal of Experimental Psychology: Human perception and performance},
  volume={8},
  number={2},
  pages={297},
  year={1982},
  publisher={American Psychological Association}
}

@article{pajak2016,
  title={Learning additional languages as hierarchical probabilistic inference: Insights from first language processing},
  author={Pajak, B and Fine, Alex B and Kleinschmidt, Dave F and Jaeger, T Florian},
  journal={Language Learning},
  volume={66},
  number={4},
  pages={900--944},
  year={2016},
  publisher={Wiley Online Library}
}

@article{kurumada2018,
  title={Effects of distributional information on categorization of prosodic contours},
  author={Kurumada, Chigusa and Brown, Meredith and Tanenhaus, Michael K},
  journal={Psychonomic bulletin \& review},
  volume={25},
  pages={1153--1160},
  year={2018},
  publisher={Springer}
}

@book{luce1959,
  title={Individual choice behavior.},
  author={Luce, R Duncan},
  year={1959},
  publisher={John Wiley \& Sons, Inc.}
}


@article{prins2019,
  title={Too much model, too little data: How a maximum-likelihood fit of a psychometric function may fail, and how to detect and avoid this},
  author={Prins, Nicolaas},
  journal={Attention, Perception, \& Psychophysics},
  volume={81},
  pages={1725--1739},
  year={2019},
  publisher={Springer}
}

@article{prins2019bayesian,
  title={Hierarchical Bayesian modeling of the psychometric function (and an example application in an experiment on correspondence matching in long-range motion).},
  author={Prins, Nicolaas},
  journal={Journal of Vision},
  volume={19},
  number={10},
  pages={287b--287b},
  year={2019},
  publisher={The Association for Research in Vision and Ophthalmology}
}

@article{kuss2005,
  title={Bayesian inference for psychometric functions},
  author={Kuss, Malte and J{\"a}kel, Frank and Wichmann, Felix A},
  journal={Journal of Vision},
  volume={5},
  number={5},
  pages={8--8},
  year={2005},
  publisher={The Association for Research in Vision and Ophthalmology}
}

@article{klein2001,
  title={Measuring, estimating, and understanding the psychometric function: A commentary},
  author={Klein, Stanley A},
  journal={Perception \& psychophysics},
  volume={63},
  number={8},
  pages={1421--1455},
  year={2001},
  publisher={Springer}
}

 @misc{xie-kurumada2024,
  title={From first encounters to longitudinal exposure: A repeated exposure-test paradigm for monitoring speech adaptation},
  url={osf.io/5xfpe},
  publisher={OSF},
  author={Xie, Xin and Kurumada, Chigusa},
  year={2024},
  month={Feb}
}

@article{giovannone-theodore2021,
  title={Individual differences in lexical contributions to speech perception},
  author={Giovannone, Nikole and Theodore, Rachel M},
  journal={Journal of Speech, Language, and Hearing Research},
  volume={64},
  number={3},
  pages={707--724},
  year={2021},
  publisher={ASHA}
}

@article{eisner-mcqueen2006,
  title={Perceptual learning in speech: Stability over time},
  author={Eisner, Frank and McQueen, James M},
  journal={The Journal of the Acoustical Society of America},
  volume={119},
  number={4},
  pages={1950--1953},
  year={2006},
  publisher={Acoustical Society of America}
}

@article{platt1964,
  title={Strong Inference: Certain systematic methods of scientific thinking may produce much more rapid progress than others.},
  author={Platt, John R},
  journal={science},
  volume={146},
  number={3642},
  pages={347--353},
  year={1964},
  publisher={American Association for the Advancement of Science}
}
@article{bushong-jaeger2019,
  title={Dynamic re-weighting of acoustic and contextual cues in spoken word recognition},
  author={Bushong, Wednesday and Jaeger, T Florian},
  journal={The Journal of the Acoustical Society of America},
  volume={146},
  number={2},
  pages={EL135--EL140},
  year={2019},
  publisher={AIP Publishing}
}

@article{qian2016,
  title={Incremental implicit learning of bundles of statistical patterns},
  author={Qian, Ting and Jaeger, T Florian and Aslin, Richard N},
  journal={Cognition},
  volume={157},
  pages={156--173},
  year={2016},
  publisher={Elsevier}
}

@article{bushong-jaeger2024,
  title={Maintenance of subcategorical representations in spoken word recognition is modulated by recent experience.},
  author={Bushong, Wednesday and Jaeger, T Florian},
  year="\noop{2024}forthcoming"
}

@article{bicknell2024,
  title={Maintenance of subcategorical information during speech perception: revisiting misunderstood limitations.},
  author={Bicknell, Klinton and Bushong, Wednesday and Tanenhaus, Michael K and Jaeger, T Florian},
  year="forthcoming"
}

@article{schertz2016,
  title={Individual differences in perceptual adaptability of foreign sound categories},
  author={Schertz, Jessamyn and Cho, Taehong and Lotto, Andrew and Warner, Natasha},
  journal={Attention, Perception, \& Psychophysics},
  volume={78},
  pages={355--367},
  year={2016},
  publisher={Springer}
}

@inproceedings{yan-jaeger2018,
  author = {Yan, Shaorong and Jaeger, T Florian},
  month = sep,
  year = {2018},
  title = {Comparing models of unsupervised adaptation in speech perception},
  booktitle = {The 24th Annual Conference on Architectures and Mechanisms for Language Processing (AMLaP)},
  howpublished = {poster},
  address = {Berlin, Germany}
}

@article{mcclelland1999,
  title={Understanding failures of learning: Hebbian learning, competition for representational space, and some preliminary experimental data},
  author={McClelland, James L and Thomas, Adam G and McCandliss, Bruce D and Fiez, Julie A},
  journal={Progress in brain research},
  volume={121},
  pages={75--80},
  year={1999},
  publisher={Elsevier}
}

@article{mikuteit-reetz2007,
  title={Caught in the ACT: The timing of aspiration and voicing in East Bengali},
  author={Mikuteit, Simone and Reetz, Henning},
  journal={Language and speech},
  volume={50},
  number={2},
  pages={247--277},
  year={2007},
  publisher={SAGE Publications Sage UK: London, England}
}

@article{schmale2012,
  title={Toddlers recognize words in an unfamiliar accent after brief exposure},
  author={Schmale, Rachel and Cristia, Alejandrina and Seidl, Amanda},
  journal={Developmental Science},
  volume={15},
  number={6},
  pages={732--738},
  year={2012},
  publisher={Wiley Online Library}
}

@article{vroomen-baart2009,
  title={Phonetic recalibration only occurs in speech mode},
  author={Vroomen, Jean and Baart, Martijn},
  journal={Cognition},
  volume={110},
  number={2},
  pages={254--259},
  year={2009},
  publisher={Elsevier}
}

@article{mitterer2013,
  title={Phonological abstraction without phonemes in speech perception},
  author={Mitterer, Holger and Scharenborg, Odette and McQueen, James M},
  journal={Cognition},
  volume={129},
  number={2},
  pages={356--361},
  year={2013},
  publisher={Elsevier}
}

@article{xie2021cognition,
  title={Encoding and decoding of meaning through structured variability in intonational speech prosody},
  author={Xie, Xin and Bux{\'o}-Lugo, Andr{\'e}s and Kurumada, Chigusa},
  journal={Cognition},
  volume={211},
  pages={104619},
  year={2021},
  publisher={Elsevier}
}

@article{kang-schertz2021,
  title={The influence of perceived L2 sound categories in on-line adaptation and implications for loanword phonology},
  author={Kang, Yoonjung and Schertz, Jessamyn},
  journal={Natural Language \& Linguistic Theory},
  volume={39},
  pages={555--578},
  year={2021},
  publisher={Springer}
}
@article{goldinger1998,
  title={Echoes of echoes? An episodic theory of lexical access.},
  author={Goldinger, Stephen D},
  journal={Psychological review},
  volume={105},
  number={2},
  pages={251},
  year={1998},
  publisher={American Psychological Association}
}

@article{clayards2017,
  title={Individual talker and token covariation in the production of multiple cues to stop voicing},
  author={Clayards, Meghan},
  journal={Phonetica},
  volume={75},
  number={1},
  pages={1--23},
  year={2017},
  publisher={S. Karger AG Basel, Switzerland}
}

@article{house-faribanks1953,
  title={The influence of consonant environment upon the secondary acoustical characteristics of vowels},
  author={House, Arthur S and Fairbanks, Grant},
  journal={The Journal of the Acoustical Society of America},
  volume={25},
  number={1},
  pages={105--113},
  year={1953},
  publisher={Acoustical Society of America}
}

@article{lehiste-peterson1961,
  title={Transitions, glides, and diphthongs},
  author={Lehiste, Ilse and Peterson, Gordon E},
  journal={The journal of The acoustical society of America},
  volume={33},
  number={3},
  pages={268--277},
  year={1961},
  publisher={Acoustical Society of America}
}

@article{ohde1984,
  title={Fundamental frequency as an acoustic correlate of stop consonant voicing},
  author={Ohde, Ralph N},
  journal={The Journal of the Acoustical Society of America},
  volume={75},
  number={1},
  pages={224--230},
  year={1984},
  publisher={Acoustical Society of America}
}