@Manual{R-assertthat,
  title = {assertthat: Easy Pre and Post Assertions},
  author = {Hadley Wickham},
  year = {2019},
  note = {R package version 0.2.1},
  url = {https://CRAN.R-project.org/package=assertthat},
}
@Manual{R-base,
  title = {R: A Language and Environment for Statistical Computing},
  author = {{R Core Team}},
  organization = {R Foundation for Statistical Computing},
  address = {Vienna, Austria},
  year = {2021},
  url = {https://www.R-project.org/},
}
@Article{R-brms_a,
  title = {{brms}: An {R} Package for {Bayesian} Multilevel Models Using {Stan}},
  author = {Paul-Christian Bürkner},
  journal = {Journal of Statistical Software},
  year = {2017},
  volume = {80},
  number = {1},
  pages = {1--28},
  doi = {10.18637/jss.v080.i01},
  encoding = {UTF-8},
}
@Article{R-brms_b,
  title = {Advanced {Bayesian} Multilevel Modeling with the {R} Package {brms}},
  author = {Paul-Christian Bürkner},
  journal = {The R Journal},
  year = {2018},
  volume = {10},
  number = {1},
  pages = {395--411},
  doi = {10.32614/RJ-2018-017},
  encoding = {UTF-8},
}
@Article{R-brms_c,
  title = {Bayesian Item Response Modeling in {R} with {brms} and {Stan}},
  author = {Paul-Christian Bürkner},
  journal = {Journal of Statistical Software},
  year = {2021},
  volume = {100},
  number = {5},
  pages = {1--54},
  doi = {10.18637/jss.v100.i05},
  encoding = {UTF-8},
}
@Manual{R-cowplot,
  title = {cowplot: Streamlined Plot Theme and Plot Annotations for 'ggplot2'},
  author = {Claus O. Wilke},
  year = {2020},
  note = {R package version 1.1.1},
  url = {https://CRAN.R-project.org/package=cowplot},
}
@Manual{R-data.table,
  title = {data.table: Extension of `data.frame`},
  author = {Matt Dowle and Arun Srinivasan},
  year = {2021},
  note = {R package version 1.14.2},
  url = {https://CRAN.R-project.org/package=data.table},
}
@Manual{R-diptest,
  title = {diptest: Hartigan's Dip Test Statistic for Unimodality - Corrected},
  author = {Martin Maechler},
  year = {2021},
  note = {R package version 0.76-0},
  url = {https://CRAN.R-project.org/package=diptest},
}
@Manual{R-dplyr,
  title = {dplyr: A Grammar of Data Manipulation},
  author = {Hadley Wickham and Romain François and Lionel Henry and Kirill Müller},
  year = {2021},
  note = {R package version 1.0.7},
  url = {https://CRAN.R-project.org/package=dplyr},
}
@Manual{R-forcats,
  title = {forcats: Tools for Working with Categorical Variables (Factors)},
  author = {Hadley Wickham},
  year = {2021},
  note = {R package version 0.5.1},
  url = {https://CRAN.R-project.org/package=forcats},
}
@Manual{R-gganimate,
  title = {gganimate: A Grammar of Animated Graphics},
  author = {Thomas Lin Pedersen and David Robinson},
  year = {2020},
  note = {R package version 1.0.7},
  url = {https://CRAN.R-project.org/package=gganimate},
}
@Book{R-ggplot2,
  author = {Hadley Wickham},
  title = {ggplot2: Elegant Graphics for Data Analysis},
  publisher = {Springer-Verlag New York},
  year = {2016},
  isbn = {978-3-319-24277-4},
  url = {https://ggplot2.tidyverse.org},
}
@Manual{R-LaplacesDemon,
  author = {{Statisticat} and {LLC.}},
  year = {2021},
  title = {LaplacesDemon: Complete Environment for Bayesian Inference},
  note = {R package version 16.1.6},
  url = {https://web.archive.org/web/20150206004624/http://www.bayesian-inference.com/software},
  publisher = {Bayesian-Inference.com},
}
@Manual{R-linguisticsdown,
  title = {linguisticsdown: Easy Linguistics Document Writing with R Markdown},
  author = {Yongfu Liao},
  year = {2019},
  note = {R package version 1.2.0},
  url = {https://CRAN.R-project.org/package=linguisticsdown},
}
@Article{R-lme4,
  title = {Fitting Linear Mixed-Effects Models Using {lme4}},
  author = {Douglas Bates and Martin M{\"a}chler and Ben Bolker and Steve Walker},
  journal = {Journal of Statistical Software},
  year = {2015},
  volume = {67},
  number = {1},
  pages = {1--48},
  doi = {10.18637/jss.v067.i01},
}
@Manual{R-magick,
  title = {magick: Advanced Graphics and Image-Processing in R},
  author = {Jeroen Ooms},
  year = {2021},
  note = {R package version 2.7.3},
  url = {https://CRAN.R-project.org/package=magick},
}
@Manual{R-magrittr,
  title = {magrittr: A Forward-Pipe Operator for R},
  author = {Stefan Milton Bache and Hadley Wickham},
  year = {2020},
  note = {R package version 2.0.1},
  url = {https://CRAN.R-project.org/package=magrittr},
}
@Manual{R-Matrix,
  title = {Matrix: Sparse and Dense Matrix Classes and Methods},
  author = {Douglas Bates and Martin Maechler},
  year = {2021},
  note = {R package version 1.3-4},
  url = {https://CRAN.R-project.org/package=Matrix},
}
@Manual{R-modelr,
  title = {modelr: Modelling Functions that Work with the Pipe},
  author = {Hadley Wickham},
  year = {2020},
  note = {R package version 0.1.8},
  url = {https://CRAN.R-project.org/package=modelr},
}
@Article{R-MVBeliefUpdatr,
  title = {Robust speech perception: Recognize the familiar, generalize to the
similar, and adapt to the novel},
  author = {Dave F. Kleinschmidt and T. Florian Jaeger},
  year = {2015},
  journal = {Psychological Review},
  volume = {122},
  number = {2},
  pages = {148–203},
  url = {http://dx.doi.org/10.1037/a0038695},
}
@Manual{R-papaja,
  author = {Frederik Aust and Marius Barth},
  title = {{papaja}: {Create} {APA} manuscripts with {R Markdown}},
  year = {2020},
  note = {R package version 0.1.0.9997},
  url = {https://github.com/crsh/papaja},
}
@Book{R-plotly,
  author = {Carson Sievert},
  title = {Interactive Web-Based Data Visualization with R, plotly, and shiny},
  publisher = {Chapman and Hall/CRC},
  year = {2020},
  isbn = {9781138331457},
  url = {https://plotly-r.com},
}
@Manual{R-purrr,
  title = {purrr: Functional Programming Tools},
  author = {Lionel Henry and Hadley Wickham},
  year = {2020},
  note = {R package version 0.3.4},
  url = {https://CRAN.R-project.org/package=purrr},
}
@Article{R-Rcpp_a,
  title = {{Rcpp}: Seamless {R} and {C++} Integration},
  author = {Dirk Eddelbuettel and Romain Fran\c{c}ois},
  journal = {Journal of Statistical Software},
  year = {2011},
  volume = {40},
  number = {8},
  pages = {1--18},
  url = {https://www.jstatsoft.org/v40/i08/},
  doi = {10.18637/jss.v040.i08},
}
@Article{R-Rcpp_b,
  title = {{Extending 	extit{R} with 	extit{C++}: A Brief Introduction to 	extit{Rcpp}}},
  author = {Dirk Eddelbuettel and James Joseph Balamuta},
  journal = {The American Statistician},
  year = {2018},
  volume = {72},
  number = {1},
  pages = {28-36},
  url = {https://doi.org/10.1080/00031305.2017.1375990},
  doi = {10.1080/00031305.2017.1375990},
}
@Manual{R-readr,
  title = {readr: Read Rectangular Text Data},
  author = {Hadley Wickham and Jim Hester and Jennifer Bryan},
  year = {2021},
  note = {R package version 2.1.1},
  url = {https://CRAN.R-project.org/package=readr},
}
@Manual{R-rlang,
  title = {rlang: Functions for Base Types and Core R and 'Tidyverse' Features},
  author = {Lionel Henry and Hadley Wickham},
  year = {2021},
  note = {R package version 0.4.12},
  url = {https://CRAN.R-project.org/package=rlang},
}
@Manual{R-stringr,
  title = {stringr: Simple, Consistent Wrappers for Common String Operations},
  author = {Hadley Wickham},
  year = {2019},
  note = {R package version 1.4.0},
  url = {https://CRAN.R-project.org/package=stringr},
}
@Manual{R-tibble,
  title = {tibble: Simple Data Frames},
  author = {Kirill Müller and Hadley Wickham},
  year = {2021},
  note = {R package version 3.1.6},
  url = {https://CRAN.R-project.org/package=tibble},
}
@Manual{R-tidyr,
  title = {tidyr: Tidy Messy Data},
  author = {Hadley Wickham},
  year = {2021},
  note = {R package version 1.1.4},
  url = {https://CRAN.R-project.org/package=tidyr},
}
@Article{R-tidyverse,
  title = {Welcome to the {tidyverse}},
  author = {Hadley Wickham and Mara Averick and Jennifer Bryan and Winston Chang and Lucy D'Agostino McGowan and Romain François and Garrett Grolemund and Alex Hayes and Lionel Henry and Jim Hester and Max Kuhn and Thomas Lin Pedersen and Evan Miller and Stephan Milton Bache and Kirill Müller and Jeroen Ooms and David Robinson and Dana Paige Seidel and Vitalie Spinu and Kohske Takahashi and Davis Vaughan and Claus Wilke and Kara Woo and Hiroaki Yutani},
  year = {2019},
  journal = {Journal of Open Source Software},
  volume = {4},
  number = {43},
  pages = {1686},
  doi = {10.21105/joss.01686},
}
@Manual{R-processx,
  title = {processx: Execute and Control System Processes},
  author = {Gábor Csárdi and Winston Chang},
  year = {2021},
  note = {R package version 3.5.2},
  url = {https://CRAN.R-project.org/package=processx},
}
@Manual{R-latexdiffr,
  title = {latexdiffr: Diff 'rmarkdown' Files Using the 'latexdiff' Utility},
  author = {David Hugh-Jones},
  year = {2021},
  note = {R package version 0.1.0},
  url = {https://CRAN.R-project.org/package=latexdiffr},
}
@Manual{R-tinylabels,
  title = {{tinylabels}: Lightweight Variable Labels},
  author = {Marius Barth},
  year = {2022},
  note = {R package version 0.2.3},
  url = {https://cran.r-project.org/package=tinylabels},
}
@Manual{R-tufte,
  title = {tufte: Tufte's Styles for R Markdown Documents},
  author = {Yihui Xie and JJ Allaire},
  year = {2022},
  note = {R package version 0.12},
  url = {https://CRAN.R-project.org/package=tufte},
}

@article{burton1989lexical,
  title={Lexical effects on the phonetic categorization of speech: The role of acoustic structure.},
  author={Burton, Martha W and Baum, Shari R and Blumstein, Sheila E},
  journal={Journal of Experimental Psychology: Human Perception and Performance},
  volume={15},
  number={3},
  pages={567},
  year={1989},
  publisher={American Psychological Association}
}

@Article{bürkner2017brms,
    title = {{brms}: An {R} Package for {Bayesian} Multilevel Models
      Using {Stan}},
    author = {Paul-Christian Bürkner},
    journal = {Journal of Statistical Software},
    year = {2017},
    volume = {80},
    number = {1},
    pages = {1--28},
    doi = {10.18637/jss.v080.i01},
    encoding = {UTF-8},
  }

@article{abramson1973voice,
  title={Voice-timing perception in Spanish word-initial stops},
  author={Abramson, Arthur S and Lisker, Leigh},
  journal={Journal of Phonetics},
  volume={1},
  number={1},
  pages={1--8},
  year={1973},
  publisher={Elsevier}
}

@article{bradlow2008perceptual,
  title={Perceptual adaptation to non-native speech},
  author={Bradlow, Ann R and Bent, Tessa},
  journal={Cognition},
  volume={106},
  number={2},
  pages={707--729},
  year={2008},
  publisher={Elsevier}
}


@article{chodroff-wilson2017,
  title={Structure in talker-specific phonetic realization: Covariation of stop consonant VOT in American English},
  author={Chodroff, Eleanor and Wilson, Colin},
  journal={Journal of Phonetics},
  volume={61},
  pages={30--47},
  year={2017},
  publisher={Elsevier}
}

@article{chodroff2018,
author = {Chodroff, Eleanor and Wilson, Colin},
doi = {10.1515/lingvan-2017-0047},
isbn = {0000000345},
issn = {2199174X},
journal = {Linguistics Vanguard},
keywords = {factor analysis,phonetic covariation,predictability,stop consonants,talker variability},
number = {s2},
title = {Predictability of stop consonant phonetics across talkers: Between-category and within-category dependencies among cues for place and voice},
volume = {4},
year = {2018}
}

@article{clarke2004rapid,
  title={Rapid adaptation to foreign-accented English},
  author={Clarke, Constance M and Garrett, Merrill F},
  journal={The Journal of the Acoustical Society of America},
  volume={116},
  number={6},
  pages={3647--3658},
  year={2004},
  publisher={Acoustical Society of America}
}
@article{clayards2008,
  title={Perception of speech reflects optimal use of probabilistic speech cues},
  author={Clayards, Meghan and Tanenhaus, Michael K and Aslin, Richard N and Jacobs, Robert A},
  journal={Cognition},
  volume={108},
  number={3},
  pages={804--809},
  year={2008},
  doi={https://doi.org/10.1016/j.cognition.2008.04.004},
  publisher={Elsevier}
}

@article{cummings2023,
  title={Hearing is believing: Lexically guided perceptual learning is graded to reflect the quantity of evidence in speech input},
  author={Cummings, Shawn N and Theodore, Rachel M},
  journal={Cognition},
  volume={235},
  pages={105404},
  year={2023},
  publisher={Elsevier}
}


@article{gelman2008weakly,
  title={A weakly informative default prior distribution for logistic and other regression models},
  author={Gelman, Andrew and Jakulin, Aleks and Pittau, Maria Grazia and Su, Yu-Sung},
  journal={The annals of applied statistics},
  volume={2},
  number={4},
  pages={1360--1383},
  year={2008},
  publisher={Institute of Mathematical Statistics}
}

@article{gelman2008scaling,
  title={Scaling regression inputs by dividing by two standard deviations},
  author={Gelman, Andrew},
  journal={Statistics in medicine},
  volume={27},
  number={15},
  pages={2865--2873},
  year={2008},
  publisher={Wiley Online Library}
}

@article{goldinger1998echoes,
  title={Echoes of echoes? An episodic theory of lexical access.},
  author={Goldinger, Stephen D},
  journal={Psychological review},
  volume={105},
  number={2},
  pages={251},
  year={1998},
  publisher={American Psychological Association}
}

@article{idemaru2011word,
  title={Word recognition reflects dimension-based statistical learning.},
  author={Idemaru, Kaori and Holt, Lori L},
  journal={Journal of Experimental Psychology: Human Perception and Performance},
  volume={37},
  number={6},
  pages={1939},
  year={2011},
  publisher={American Psychological Association}
}

@article{jaeger2008l,
  title={Categorical data analysis: Away from ANOVAs (transformation or not) and towards logit mixed models},
  author={Jaeger, T Florian},
  journal={Journal of memory and language},
  volume={59},
  number={4},
  pages={434--446},
  year={2008},
  publisher={Elsevier}
}


@article{johnson2006resonance,
  title={Resonance in an exemplar-based lexicon: The emergence of social identity and phonology},
  author={Johnson, Keith},
  journal={Journal of phonetics},
  volume={34},
  number={4},
  pages={485--499},
  year={2006},
  publisher={Elsevier}
}

@article{johnson1997talker,
  title={Speech Perception without Speaker NormalizationÖ An Exemplar Model},
  author={Johnson, Keith},
  journal={Talker variability in speech processing},
  pages={145--165},
  year={1997}
}

@article{johnson1999auditory,
  title={Auditory--visual integration of talker gender in vowel perception},
  author={Johnson, Keith and Strand, Elizabeth A and D'Imperio, Mariapaola},
  journal={Journal of phonetics},
  volume={27},
  number={4},
  pages={359--384},
  year={1999},
  publisher={Elsevier}
}

@inproceedings{kleinschmidt2015cogsci,
address = {Austin, TX},
author = {Kleinschmidt, D. and Raizada, R. and Jaeger, T. F.},
booktitle = {Proceedings of the 37th Annual Meeting of the Cognitive Science Society (CogSci15)},
file = {:Users/tiflo/Documents/{\_}Articles - Mendeley/Kleinschmidt, Raizada, Jaeger - 2015 - Supervised and unsupervised learning in phonetic adaptation.pdf:pdf},
mendeley-groups = {NCBI},
publisher = {Cognitive Science Society},
title = {Supervised and unsupervised learning in phonetic adaptation},
year = {2015}
}



@article{kleinschmidt-jaeger2015,
  title={Robust speech perception: recognize the familiar, generalize to the similar, and adapt to the novel.},
  author={Kleinschmidt, Dave F and Jaeger, T Florian},
  journal={Psychological Review},
  volume={122},
  number={2},
  pages={148},
  year={2015},
  doi={https://doi.org/10.1037/a0038695},
  publisher={American Psychological Association}
}
@inproceedings{kleinschmidt-jaeger2016,
  title={What do you expect from an unfamiliar talker?},
  author={Kleinschmidt, Dave F and Jaeger, T Florian},
  booktitle={CogSci},
  year={2016}
}

@inproceedings{kleinschmidt2012continuum,
  title={A continuum of phonetic adaptation: Evaluating an incremental belief-updating model of recalibration and selective adaptation},
  author={Kleinschmidt, Dave F and Jaeger, T Florian},
  booktitle={Proceedings of the Annual Meeting of the Cognitive Science Society},
  volume={34},
  number={34},
  year={2012}
}

@article{kleinschmidt2019structure,
  title={Structure in talker variability: How much is there and how much can it help?},
  author={Kleinschmidt, Dave F},
  journal={Language, cognition and neuroscience},
  volume={34},
  number={1},
  pages={43--68},
  year={2019},
  publisher={Taylor \& Francis}
}

@article{kleinschmidt2020,
  title={What constrains distributional learning in adults?},
  author={Kleinschmidt, Dave},
  year={2020},
  publisher={PsyArXiv}
}

@article{kronrod2016unified,
  title={A unified account of categorical effects in phonetic perception},
  author={Kronrod, Yakov and Coppess, Emily and Feldman, Naomi H},
  journal={Psychonomic Bulletin \& Review},
  volume={23},
  number={6},
  pages={1681--1712},
  year={2016},
  doi={https://doi.org/10.3758/s13423-016-1049-y},
  publisher={Springer}
}

@article{luce1998recognizing,
  title={Recognizing spoken words: The neighborhood activation model},
  author={Luce, Paul A and Pisoni, David B},
  journal={Ear and Hearing},
  volume={19},
  number={1},
  pages={1},
  year={1998},
  publisher={NIH Public Access}
}


@article{massaro1990models,
  title={Models of integration given multiple sources of information.},
  author={Massaro, Dominic W and Friedman, Daniel},
  journal={Psychological Review},
  volume={97},
  number={2},
  pages={225},
  year={1990},
  doi={https://doi.org/10.1037/0033-295X.97.2.225},
  publisher={American Psychological Association}
}

@article{nearey1986phonological,
  title={Phonological contrast in experimental phonetics: Relating distributions of production data to perceptual categorization curves},
  author={Nearey, Terrance M and Hogan, John T},
  journal={Experimental phonology},
  pages={141--161},
  year={1986},
  publisher={Academic New York}
}

@article{norris2008shortlist,
  title={Shortlist B: a Bayesian model of continuous speech recognition.},
  author={Norris, Dennis and McQueen, James M},
  journal={Psychological Review},
  volume={115},
  number={2},
  pages={357},
  year={2008},
  doi={https://doi.org/10.1037/0033-295X.115.2.357},
  publisher={American Psychological Association}
}

@article{prins2012,
  title={The psychometric function: The lapse rate revisited},
  author={Prins, Nicolaas},
  journal={Journal of Vision},
  volume={12},
  number={6},
  pages={25--25},
  year={2012},
  publisher={The Association for Research in Vision and Ophthalmology}
}


@article{pierrehumbert2001exemplar,
  title={Exemplar dynamics: Word frequency},
  author={Pierrehumbert, Janet B},
  journal={Frequency and the emergence of linguistic structure},
  volume={45},
  number={137},
  pages={10--1075},
  year={2001}
}

@article{pierrehumbert2003phonetic,
  title={Phonetic diversity, statistical learning, and acquisition of phonology},
  author={Pierrehumbert, Janet B},
  journal={Language and speech},
  volume={46},
  number={2-3},
  pages={115--154},
  year={2003},
  publisher={SAGE Publications Sage UK: London, England}
}

@article{pierrehumbert2006next,
  title={The next toolkit},
  author={Pierrehumbert, Janet B},
  journal={Journal of phonetics},
  volume={4},
  number={34},
  pages={516--530},
  year={2006}
}

@article{scharenborg2013comparing,
  title={Comparing lexically guided perceptual learning in younger and older listeners},
  author={Scharenborg, Odette and Janse, Esther},
  journal={Attention, Perception, \& Psychophysics},
  volume={75},
  pages={525--536},
  year={2013},
  publisher={Springer}
}

@article{theodore-monto2019,
  title={Distributional learning for speech reflects cumulative exposure to a talker’s phonetic distributions},
  author={Theodore, Rachel M and Monto, Nicholas R},
  journal={Psychonomic Bulletin \& Review},
  volume={26},
  number={3},
  pages={985--992},
  year={2019},
  doi={https://doi.org/10.3758/s13423-018-1551-5},
  publisher={Springer}
}

@article{theodore2010characteristics,
  title={Characteristics of listener sensitivity to talker-specific phonetic detail},
  author={Theodore, Rachel M and Miller, Joanne L},
  journal={The Journal of the Acoustical Society of America},
  volume={128},
  number={4},
  pages={2090--2099},
  year={2010},
  publisher={Acoustical Society of America}
}

@article{winn2020manipulation,
  title={Manipulation of voice onset time in speech stimuli: A tutorial and flexible Praat script},
  author={Winn, Matthew B},
  journal={The Journal of the Acoustical Society of America},
  volume={147},
  number={2},
  pages={852--866},
  year={2020},
  publisher={Acoustical Society of America}
}

@article{xie2018rapid,
  title={Rapid adaptation to foreign-accented speech and its transfer to an unfamiliar talker},
  author={Xie, Xin and Weatherholtz, Kodi and Bainton, Larisa and Rowe, Emily and Burchill, Zachary and Liu, Linda and Jaeger, T Florian},
  journal={The Journal of the Acoustical Society of America},
  volume={143},
  number={4},
  pages={2013--2031},
  year={2018},
  publisher={Acoustical Society of America}
}

@article{xie2021cross,
  title={Cross-talker generalization in the perception of nonnative speech: A large-scale replication.},
  author={Xie, Xin and Liu, Linda and Jaeger, T Florian},
  journal={Journal of Experimental Psychology: General},
  year={2021},
  publisher={American Psychological Association}
}

@article{Kurumada_Xie_Jaeger_2022,
  title={What we do (not) know about the mechanisms underlying adaptive speech perception: A computational review},
  url={osf.io/q7gjp},
  DOI={10.17605/OSF.IO/Q7GJP},
  publisher={OSF},
  author={Xie, Xin and Jaeger, T. F and Kurumada, Chigusa},
  year={2022},
  month={Sep}
}@Manual{R-broom,
  title = {broom: Convert Statistical Objects into Tidy Tibbles},
  author = {David Robinson and Alex Hayes and Simon Couch},
  year = {2022},
  note = {R package version 1.0.1},
  url = {https://CRAN.R-project.org/package=broom},
}

@article{liu-jaeger2018,
  title={Inferring causes during speech perception},
  author={Liu, Linda and Jaeger, T Florian},
  journal={Cognition},
  volume={174},
  pages={55--70},
  year={2018},
  publisher={Elsevier}
}

@article{mcmurray2011information,
  title={What information is necessary for speech categorization? Harnessing variability in the speech signal by integrating cues computed relative to expectations.},
  author={McMurray, Bob and Jongman, Allard},
  journal={Psychological review},
  volume={118},
  number={2},
  pages={219},
  year={2011},
  publisher={American Psychological Association}
}


@article{mcqueen1991influence,
  title={The influence of the lexicon on phonetic categorization: stimulus quality in word-final ambiguity.},
  author={McQueen, James M},
  journal={Journal of Experimental Psychology: Human Perception and Performance},
  volume={17},
  number={2},
  pages={433},
  year={1991},
  publisher={American Psychological Association}
}

@article{magnuson2020earshot,
  title={EARSHOT: A minimal neural network model of incremental human speech recognition},
  author={Magnuson, James S and You, Heejo and Luthra, Sahil and Li, Monica and Nam, Hosung and Escabi, Monty and Brown, Kevin and Allopenna, Paul D and Theodore, Rachel M and Monto, Nicholas and others},
  journal={Cognitive science},
  volume={44},
  number={4},
  pages={e12823},
  year={2020},
  publisher={Wiley Online Library}
}

@article{norris2003perceptual,
  title={Perceptual learning in speech},
  author={Norris, Dennis and McQueen, James M and Cutler, Anne},
  journal={Cognitive psychology},
  volume={47},
  number={2},
  pages={204--238},
  year={2003},
  publisher={Elsevier}
}

@article{stevens1940relation,
  title={The relation of pitch to frequency: A revised scale},
  author={Stevens, Stanley S and Volkmann, John},
  journal={The American Journal of Psychology},
  volume={53},
  number={3},
  pages={329--353},
  year={1940},
  publisher={JSTOR}
}

@article{toscano2010cue,
  title={Cue integration with categories: Weighting acoustic cues in speech using unsupervised learning and distributional statistics},
  author={Toscano, Joseph C and McMurray, Bob},
  journal={Cognitive science},
  volume={34},
  number={3},
  pages={434--464},
  year={2010},
  publisher={Wiley Online Library}
}

@article{toscano2015time,
  title={The time-course of speaking rate compensation: Effects of sentential rate and vowel length on voicing judgments},
  author={Toscano, Joseph C and McMurray, Bob},
  journal={Language, cognition and neuroscience},
  volume={30},
  number={5},
  pages={529--543},
  year={2015},
  publisher={Taylor \& Francis}
}


@article{horberg2021rational,
  title={A Rational Model of Incremental Argument Interpretation: The Comprehension of Swedish Transitive Clauses},
  author={H{\"o}rberg, Thomas and Jaeger, T Florian},
  journal={Frontiers in psychology},
  volume={12},
  pages={674202},
  year={2021},
  publisher={Frontiers Media SA}
}

@article{allen1999effects,
  title={Effects of syllable-initial voicing and speaking rate on the temporal characteristics of monosyllabic words},
  author={Allen, J Sean and Miller, Joanne L},
  journal={The Journal of the Acoustical Society of America},
  volume={106},
  number={4},
  pages={2031--2039},
  year={1999},
  publisher={Acoustical Society of America}
}

@article{house1953influence,
  title={The influence of consonant environment upon the secondary acoustical characteristics of vowels},
  author={House, Arthur S and Fairbanks, Grant},
  journal={The Journal of the Acoustical Society of America},
  volume={25},
  number={1},
  pages={105--113},
  year={1953},
  publisher={Acoustical Society of America}
}

@article{ohde1984fundamental,
  title={Fundamental frequency as an acoustic correlate of stop consonant voicing},
  author={Ohde, Ralph N},
  journal={The Journal of the Acoustical Society of America},
  volume={75},
  number={1},
  pages={224--230},
  year={1984},
  publisher={Acoustical Society of America}
}

@article{abramson1985relative,
  title={Relative power of cues: F0 shift versus voice timing},
  author={Abramson, Arthur S and Lisker, Leigh},
  journal={Phonetic linguistics: Essays in honor of Peter Ladefoged},
  pages={25--33},
  year={1985}
}

@article{wichmann2001,
  title={The psychometric function: I. Fitting, sampling, and goodness of fit},
  author={Wichmann, Felix A and Hill, N Jeremy},
  journal={Perception \& psychophysics},
  volume={63},
  number={8},
  pages={1293--1313},
  year={2001},
  publisher={Springer}
}

@article{whalen1993f,
  title={F 0 gives voicing information even with unambiguous voice onset times},
  author={Whalen, Douglas H and Abramson, Arthur S and Lisker, Leigh and Mody, Maria},
  journal={The Journal of the Acoustical Society of America},
  volume={93},
  number={4},
  pages={2152--2159},
  year={1993},
  publisher={Acoustical Society of America}
}

@misc{boersma2022praat,
  title={Praat: doing phonetics by computer. Version 6.2. 12},
  author={Boersma, P and Weenink, D},
  year={2022}
}


@Manual{R-broom.mixed,
  title = {broom.mixed: Tidying Methods for Mixed Models},
  author = {Ben Bolker and David Robinson},
  year = {2022},
  note = {R package version 0.2.9.4},
  url = {https://CRAN.R-project.org/package=broom.mixed},
}
@Manual{R-ggdist,
  title = {{ggdist}: Visualizations of Distributions and Uncertainty},
  author = {Matthew Kay},
  year = {2022},
  note = {R package version 3.2.0},
  url = {https://mjskay.github.io/ggdist/},
  doi = {10.5281/zenodo.3879620},
}
@Manual{R-ggforce,
  title = {ggforce: Accelerating 'ggplot2'},
  author = {Thomas Lin Pedersen},
  year = {2022},
  note = {R package version 0.4.0},
  url = {https://CRAN.R-project.org/package=ggforce},
}
@Manual{R-ggpubr,
  title = {ggpubr: 'ggplot2' Based Publication Ready Plots},
  author = {Alboukadel Kassambara},
  year = {2020},
  note = {R package version 0.4.0},
  url = {https://CRAN.R-project.org/package=ggpubr},
}
@Manual{R-ggrepel,
  title = {ggrepel: Automatically Position Non-Overlapping Text Labels with
'ggplot2'},
  author = {Kamil Slowikowski},
  year = {2021},
  note = {R package version 0.9.1},
  url = {https://CRAN.R-project.org/package=ggrepel},
}
@Manual{R-ggstance,
  title = {ggstance: Horizontal 'ggplot2' Components},
  author = {Lionel Henry and Hadley Wickham and Winston Chang},
  year = {2020},
  note = {R package version 0.3.5},
  url = {https://CRAN.R-project.org/package=ggstance},
}
@Manual{R-kableExtra,
  title = {kableExtra: Construct Complex Table with 'kable' and Pipe Syntax},
  author = {Hao Zhu},
  year = {2021},
  note = {R package version 1.3.4},
  url = {https://CRAN.R-project.org/package=kableExtra},
}
@Book{R-knitr,
  title = {Dynamic Documents with {R} and knitr},
  author = {Yihui Xie},
  publisher = {Chapman and Hall/CRC},
  address = {Boca Raton, Florida},
  year = {2015},
  edition = {2nd},
  note = {ISBN 978-1498716963},
  url = {https://yihui.org/knitr/},
}
@Article{R-lmerTest,
  title = {{lmerTest} Package: Tests in Linear Mixed Effects Models},
  author = {Alexandra Kuznetsova and Per B. Brockhoff and Rune H. B. Christensen},
  journal = {Journal of Statistical Software},
  year = {2017},
  volume = {82},
  number = {13},
  pages = {1--26},
  doi = {10.18637/jss.v082.i13},
}
@Article{R-lubridate,
  title = {Dates and Times Made Easy with {lubridate}},
  author = {Garrett Grolemund and Hadley Wickham},
  journal = {Journal of Statistical Software},
  year = {2011},
  volume = {40},
  number = {3},
  pages = {1--25},
  url = {https://www.jstatsoft.org/v40/i03/},
}
@Book{R-MASS,
  title = {Modern Applied Statistics with S},
  author = {W. N. Venables and B. D. Ripley},
  publisher = {Springer},
  edition = {Fourth},
  address = {New York},
  year = {2002},
  note = {ISBN 0-387-95457-0},
  url = {https://www.stats.ox.ac.uk/pub/MASS4/},
}
@Manual{R-pander,
  title = {pander: An R 'Pandoc' Writer},
  author = {Gergely Daróczi and Roman Tsegelskyi},
  year = {2022},
  note = {R package version 0.6.5},
  url = {https://CRAN.R-project.org/package=pander},
}
@Manual{R-phonR,
  title = {phonR: tools for phoneticians and phonologists},
  author = {Daniel R. McCloy},
  year = {2016},
  note = {R package version 1.0-7},
}
@Article{R-posterior,
  title = {Rank-normalization, folding, and localization: An improved Rhat
for assessing convergence of MCMC (with discussion)},
  author = {Aki Vehtari and Andrew Gelman and Daniel Simpson and Bob Carpenter and Paul-Christian Bürkner},
  year = {2021},
  journal = {Bayesian Analysis},
}
@Manual{R-RColorBrewer,
  title = {RColorBrewer: ColorBrewer Palettes},
  author = {Erich Neuwirth},
  year = {2022},
  note = {R package version 1.1-3},
  url = {https://CRAN.R-project.org/package=RColorBrewer},
}
@Manual{R-scales,
  title = {scales: Scale Functions for Visualization},
  author = {Hadley Wickham and Dana Seidel},
  year = {2022},
  note = {R package version 1.2.1},
  url = {https://CRAN.R-project.org/package=scales},
}
@Manual{R-tidybayes,
  title = {{tidybayes}: Tidy Data and Geoms for {Bayesian} Models},
  author = {Matthew Kay},
  year = {2022},
  note = {R package version 3.0.2},
  url = {http://mjskay.github.io/tidybayes/},
  doi = {10.5281/zenodo.1308151},
}
@Manual{R-curl,
  title = {curl: A Modern and Flexible Web Client for R},
  author = {Jeroen Ooms},
  year = {2022},
  note = {R package version 4.3.3},
  url = {https://CRAN.R-project.org/package=curl},
}
@Manual{R-rsample,
  title = {rsample: General Resampling Infrastructure},
  author = {Hannah Frick and Fanny Chow and Max Kuhn and Michael Mahoney and Julia Silge and Hadley Wickham},
  year = {2022},
  note = {R package version 1.1.1},
  url = {https://CRAN.R-project.org/package=rsample},
}
@Manual{R-patchwork,
  title = {patchwork: The Composer of Plots},
  author = {Thomas Lin Pedersen},
  year = {2022},
  note = {R package version 1.1.2},
  url = {https://CRAN.R-project.org/package=patchwork},
}
@Manual{R-webshot,
  title = {webshot: Take Screenshots of Web Pages},
  author = {Winston Chang},
  year = {2022},
  note = {R package version 0.5.4},
  url = {https://CRAN.R-project.org/package=webshot},
}
@Manual{R-ggnewscale,
  title = {ggnewscale: Multiple Fill and Colour Scales in 'ggplot2'},
  author = {Elio Campitelli},
  year = {2022},
  note = {R package version 0.4.8},
  url = {https://CRAN.R-project.org/package=ggnewscale},
}
@Manual{R-sjPlot,
  title = {sjPlot: Data Visualization for Statistics in Social Science},
  author = {Daniel Lüdecke},
  year = {2023},
  note = {R package version 2.8.14},
  url = {https://CRAN.R-project.org/package=sjPlot},
}
@Manual{R-gt,
  title = {gt: Easily Create Presentation-Ready Display Tables},
  author = {Richard Iannone and Joe Cheng and Barret Schloerke and Ellis Hughes and Alexandra Lauer and JooYoung Seo},
  year = {2023},
  note = {R package version 0.9.0},
  url = {https://CRAN.R-project.org/package=gt},
}
@Manual{R-ggtext,
  title = {ggtext: Improved Text Rendering Support for 'ggplot2'},
  author = {Claus O. Wilke and Brenton M. Wiernik},
  year = {2022},
  note = {R package version 0.1.2},
  url = {https://CRAN.R-project.org/package=ggtext},
}
@Manual{R-terra,
  title = {terra: Spatial Data Analysis},
  author = {Robert J. Hijmans},
  year = {2023},
  note = {R package version 1.7-29},
  url = {https://CRAN.R-project.org/package=terra},
}
@Manual{R-supunsup,
  title = {supunsup: Supervised/unsupervised adaptation analysis},
  author = {Dave F. Kleinschmidt},
  year = {2023},
  note = {R package version 0.2.0},
}
@Manual{R-devtools,
  title = {devtools: Tools to Make Developing R Packages Easier},
  author = {Hadley Wickham and Jim Hester and Winston Chang and Jennifer Bryan},
  year = {2022},
  note = {R package version 2.4.5},
  url = {https://CRAN.R-project.org/package=devtools},
}
@Manual{R-usethis,
  title = {usethis: Automate Package and Project Setup},
  author = {Hadley Wickham and Jennifer Bryan and Malcolm Barrett},
  year = {2022},
  note = {R package version 2.1.6},
  url = {https://CRAN.R-project.org/package=usethis},
}
